<marcxml:record xmlns:marcxml="http://www.loc.gov/MARC21/slim" xmlns:idx="info:lc/xq-modules/lcindex" xmlns:madsrdf="http://www.loc.gov/mads/rdf/v1#" xmlns:ri="http://id.loc.gov/ontologies/RecordInfo#" xmlns:xlink="http://www.w3.org/1999/xlink" xmlns:rdf="http://www.w3.org/1999/02/22-rdf-syntax-ns#" xmlns:mets="http://www.loc.gov/METS/" xmlns:semtriples="http://marklogic.com/semantic" xmlns:xsi="http://www.w3.org/2001/XMLSchema-instance" xmlns:streams="info:lc/streams#">
            <marcxml:leader>00426cz  a2200133n  4500</marcxml:leader>
            <marcxml:controlfield tag="001">sh85133744</marcxml:controlfield>
            <marcxml:controlfield tag="003">DLC</marcxml:controlfield>
            <marcxml:controlfield tag="005">19931130103553.5</marcxml:controlfield>
            <marcxml:controlfield tag="008">860211|| anannbab|          |n ana |||  </marcxml:controlfield>
            <marcxml:datafield tag="010" ind1=" " ind2=" ">
              <marcxml:subfield code="a">sh 85133744 </marcxml:subfield>
            </marcxml:datafield>
            <marcxml:datafield tag="040" ind1=" " ind2=" ">
              <marcxml:subfield code="a">DLC</marcxml:subfield>
              <marcxml:subfield code="c">DLC</marcxml:subfield>
              <marcxml:subfield code="d">DLC</marcxml:subfield>
            </marcxml:datafield>
            <marcxml:datafield tag="150" ind1=" " ind2="0">
              <marcxml:subfield code="a">Temples</marcxml:subfield>
              <marcxml:subfield code="z">Egypt</marcxml:subfield>
            </marcxml:datafield>
            <marcxml:datafield tag="680" ind1=" " ind2=" ">
              <marcxml:subfield code="i">Here are entered works on temples in Egypt. Works on Egyptian temples outside of Egypt are entered under</marcxml:subfield>
              <marcxml:subfield code="a">Temples, Egyptian.</marcxml:subfield>
            </marcxml:datafield>
            <marcxml:datafield tag="681" ind1=" " ind2=" ">
              <marcxml:subfield code="i">Note under</marcxml:subfield>
              <marcxml:subfield code="a">Temples, Egyptian</marcxml:subfield>
            </marcxml:datafield>
          </marcxml:record>
